%@online{knuthwebsite,
%    author    = "Donald Knuth",
%    title     = "Knuth: Computers and Typesetting",
%    url       = "http://www-cs-faculty.stanford.edu/~uno/abcde.html",
%    keywords  = "latex,knuth"
%}

@inproceedings{VVPAT_Debunk,
 author = {Goggin, Stephen N. and Byrne, Michael D.},
 title = {An Examination of the Auditability of Voter Verified Paper Audit Trail (VVPAT) Ballots},
 booktitle = {Proceedings of the USENIX Workshop on Accurate Electronic Voting Technology},
 series = {EVT'07},
 year = {2007},
 location = {Boston, MA},
 pages = {10--10},
 numpages = {1},
 url = {http://dl.acm.org/citation.cfm?id=1323111.1323121},
 acmid = {1323121},
 publisher = {USENIX Association},
 address = {Berkeley, CA, USA}
} 

@book{kalb2015guide,
  title={Guide to U.S. Elections},
  author={Kalb, D.},
  isbn={9781483380384},
  url={https://books.google.com/books?id=JDjrCQAAQBAJ},
  year={2015},
  publisher={SAGE Publications}
}
